@UNPUBLISHED{Demailly,
  author = {Demailly, Jean-Pierre},
  title = {Complex Analytic and Differential Geometry},
  note = {\href{http://www-fourier.ujf-grenoble.fr/~demailly/books.html}{http://www-fourier.ujf-grenoble.fr/$\sim$demailly/books.html}},
}

@BOOK{woodhouse,
  title = {Geometric Quantization},
  publisher = {Oxford},
  year = {1980},
  author = {Woodhouse, Nicholas},
}

@BOOK{Milnor,
  author       = {Milnor, J. W. },
  title        = {Lectures on the h-Cobordism Theorem},
  year         = 1965,
  publisher    = {Princeton University Press},
}

@Article{EcheverriaEnriquez:1999jr,
     author    = "Echeverria-Enriquez, Arturo and Munoz-Lecanda, Miguel C.
                  and Roman-Roy, Narcisco and Victoria-Monge, Carles",
     title     = "{Mathematical foundations of geometric quantization}",
     journal   = "Extracta Math.",
     volume    = "13",
     year      = "1998",
     pages     = "135-238",
     eprint    = "math-ph/9904008",
     archivePrefix = "arXiv",
     SLACcitation  = "%%CITATION = MATH-PH/9904008;%%"
}


@MISC{Weisstein-SurfRevo:99,
  author       = {Weisstein, Eric W.},
  title        = {Surface of Revolution},
  year         = {1999},
  howpublished = {From MathWorld--A Wolfram Web Resource. \href{http://mathworld.wolfram.com/SurfaceofRevolution.html}{http://mathworld.wolfram.com/SurfaceofRevolution.html} },
}

@BOOK{schetzen:1980,
  AUTHOR =       {Schetzen, Martin},
  TITLE =        {The Voltera and Wiener theories of nonlinear systems},
  PUBLISHER =    {Wiley-Interscience},
  YEAR =         {1980},
  address =      {New York, USA},
}

@BOOK{Wiener:1958,
  AUTHOR =       {Wiener, Norbert},
  TITLE =        {Nonlinear Problems in Random Theory},
  PUBLISHER =    {Wiley},
  YEAR =         {1958},
  address =      {New York, USA},
}
