@BOOK{DayanAbbot:2001,
  AUTHOR =       {Dayan, Peter and Abbot, L.F.},
  TITLE =        {Theoretical Neuroscience: Computational and Mathematical Modeling of Neural Systems},
  PUBLISHER =    {MIT Press},
  YEAR =         {2001},
  address =      {Cambridge MA, USA},
}

@ARTICLE{deBoerKuyper:1968,
  AUTHOR =       {de Boer, E. and Kuyper, P.},
  TITLE =        {Triggered correlation},
  JOURNAL =      {IEEE BIomedical Engineering},
  YEAR =         {1968},
  volume =       {15},
  pages =        {169-179},
}

@BOOK{Marmerelis:1978,
  AUTHOR =       {Marmarelis, P.Z. and Marmarelis, V.Z.},
  TITLE =        {Analysis of Physiological Systems: The White-Noise Approach},
  PUBLISHER =    {Plenum Press},
  YEAR =         {1978},
  address =      {New York, USA},
}
